<?xml version="1.0" encoding="UTF-8"?><collection xmlns="http://www.loc.gov/MARC21/slim"><record><leader>00346nam--2200133-i-4500</leader><controlfield tag="001">000041959</controlfield><controlfield tag="002">20161230</controlfield><controlfield tag="005">20161230201043</controlfield><controlfield tag="008">060222s1000------------r-----000-0-eng-d</controlfield><datafield ind1=" " ind2=" " tag="080"><subfield code="a">681.17.301(088)</subfield></datafield><datafield ind1=" " ind2=" " tag="100"><subfield code="a">Smith,Ed.Sinclair</subfield></datafield><datafield ind1=" " ind2=" " tag="245"><subfield code="a">Automatic control engineering</subfield></datafield><datafield ind1=" " ind2=" " tag="260"><subfield code="a">New York, Mcgraw-hill, 1944. Xiii + 367 P.+ Fig</subfield></datafield><datafield ind1=" " ind2=" " tag="852"><subfield code="a">2685</subfield></datafield></record></collection>